@INPROCEEDINGS{7522149,
	author={N. {Mikuličić} and Ž. {Mihajlović}},
	booktitle={2016 39th International Convention on Information and Communication Technology, Electronics and Microelectronics (MIPRO)}, 
	title={Procedural generation of mediterranean environments}, 
	year={2016},
	volume={},
	number={},
	pages={261-266},
	doi={10.1109/MIPRO.2016.7522149}}

@INPROCEEDINGS{8400324,
	author={Y. P. A. {Macedo} and L. {Chaimowicz}},
	booktitle={2017 16th Brazilian Symposium on Computer Games and Digital Entertainment (SBGames)}, 
	title={Improving Procedural 2D Map Generation Based on Multi-Layered Cellular Automata and Hilbert Curves}, 
	year={2017},
	volume={},
	number={},
	pages={116-125},
	doi={10.1109/SBGames.2017.00021}}

@INPROCEEDINGS{8848019,
	author={H. {Kim} and S. {Lee} and H. {Lee} and T. {Hahn} and S. {Kang}},
	booktitle={2019 IEEE Conference on Games (CoG)}, 
	title={Automatic Generation of Game Content using a Graph-based Wave Function Collapse Algorithm}, 
	year={2019},
	volume={},
	number={},
	pages={1-4},
	doi={10.1109/CIG.2019.8848019}}

@INPROCEEDINGS{6000324,
	author={E. A. {Matthews} and B. A. {Malloy}},
	booktitle={2011 16th International Conference on Computer Games (CGAMES)}, 
	title={Procedural generation of story-driven maps}, 
	year={2011},
	volume={},
	number={},
	pages={107-112},
	doi={10.1109/CGAMES.2011.6000324}}

@INPROCEEDINGS{8400324,
	author={Y. P. A. {Macedo} and L. {Chaimowicz}},
	booktitle={2017 16th Brazilian Symposium on Computer Games and Digital Entertainment (SBGames)}, 
	title={Improving Procedural 2D Map Generation Based on Multi-Layered Cellular Automata and Hilbert Curves}, 
	year={2017},
	volume={},
	number={},
	pages={116-125},
	doi={10.1109/SBGames.2017.00021}}

@INPROCEEDINGS{8400324,
	author={Y. P. A. {Macedo} and L. {Chaimowicz}},
	booktitle={2017 16th Brazilian Symposium on Computer Games and Digital Entertainment (SBGames)}, 
	title={Improving Procedural 2D Map Generation Based on Multi-Layered Cellular Automata and Hilbert Curves}, 
	year={2017},
	volume={},
	number={},
	pages={116-125},
	doi={10.1109/SBGames.2017.00021}}

@INPROCEEDINGS{8976682,
	author={K. S. {Emmanuel} and C. {Mathuram} and A. R. {Priyadarshi} and R. A. {George} and J. {Anitha}},
	booktitle={2019 2nd International Conference on Signal Processing and Communication (ICSPC)}, 
	title={A Beginners Guide to Procedural Terrain Modelling Techniques}, 
	year={2019},
	volume={},
	number={},
	pages={212-217},
	doi={10.1109/ICSPC46172.2019.8976682}}

@misc{sheet-simplex,
	author={Ken Perlin},
	title = {A sheet of simplex noise},
	howpublished = {\url{https://mrl.cs.nyu.edu/~perlin/homepage2006/simplex_noise/index.html}},
	note = {Accessed: 2021-03-07}
}

@misc{higher-dim-simplexes,
	author={Thomas F. Banchoff},
	title = {Higher-Dimensional Simplexes},
	howpublished = {\url{https://www.math.brown.edu/tbanchof/Beyond3d/chapter4/section06.html}},
	note = {Accessed: 2021-03-07}
}

@article{Liu_2020,
	title={Deep learning for procedural content generation},
	volume={33},
	ISSN={1433-3058},
	url={http://dx.doi.org/10.1007/s00521-020-05383-8},
	DOI={10.1007/s00521-020-05383-8},
	number={1},
	journal={Neural Computing and Applications},
	publisher={Springer Science and Business Media LLC},
	author={Liu, Jialin and Snodgrass, Sam and Khalifa, Ahmed and Risi, Sebastian and Yannakakis, Georgios N. and Togelius, Julian},
	year={2020},
	month={Oct},
	pages={19–37}
}


